@misc{Wiktionary,
 TITLE     = {{Wiktionary:Welcome,newcomers}},
 howpublished = {\url{https://en.wiktionary.org/wiki/Wiktionary:Welcome,_newcomers}},
 date = {2016-03-14}
}


@misc{native-tongue,
    TITLE = {Elgin. \textit{Native Tongue}.},
    howpublished = {The Feminist Press, 1984.}
}

@book{Field-linguistics,
    author = {William J. Samarin},
    title = {{Field linguistics: A guide to linguistic field work}},
    year = {1967},
    publisher = {Holt, Rinehart and Winston}
}

@misc{Conlanging-101,
    howpublished = {\url{http://conlang.org/26c3.pdf}},
    TITLE = {{Conlanging 101}},
    publisher = {Language Creation Society}
}

@misc{Merriam-Webster:cleave,
 TITLE = {{Cleave | Definition of Cleave}},
 howpublished = {\url{http://www.merriam-webster.com/dictionary/cleave}},
 date = {2016-03-14}
}

@misc{Merriam-Webster:walk,
 TITLE = {{Walk | Definition of Walk}},
 howpublished = {\url{http://www.merriam-webster.com/dictionary/walk}},
 date = {2016-03-29}
}

@misc{pregreplace,
    TITLE = {{PHP preg\_replace() function}},
    howpublished = {\url{https://secure.php.net/manual/en/function.preg-replace.php}}
}

@misc{heroku,
    TITLE = {{Heroku}},
    howpublished = {\url{https://www.heroku.com/}}
}

@misc{Markdown,
 TITLE = {{CommonMark}},
 howpublished = {\url{http://commonmark.org/}}
}

@misc{Laravel,
 TITLE = {{Laravel}},
 howpublished = {\url{http://laravel.com/}},
 date = {2016-03-15}
}

@misc{Bootstrap,
 TITLE = {{Bootstrap}},
 howpublished = {\url{http://getbootstrap.com/}},
 date = {2016-03-15}
}

@misc{IPA,
  TITLE = {{International Phonetic Alphabet}},
  howpublished = {\url{http://www.internationalphoneticalphabet.org/ipa-sounds/ipa-chart-with-sounds/}},
  date = {2016-03-21}
}
